@article{claerbout1991scrutiny,
  title={A Scrutiny of the Introduction},
  author={Claerbout, Jon F},
  journal={The Leading Edge},
  volume={10},
  number={1},
  pages={39--41},
  year={1991},
  publisher={Society of Exploration Geophysicists}
}

@article{landes1951scrutiny,
  title={A Scrutiny of the Abstract},
  author={Landes, Kenneth K},
  journal={Bulletin of the American Association of Petroleum Geologists},
  volume={35},
  number={7},
  pages={1660},
  year={1951}
}
@INPROCEEDINGS{3dtracking,
  author={Teixeira, Diogo and Sousa, João Borges de and Mendes, Renato and Fonseca, Joana},
  booktitle={OCEANS 2021: San Diego – Porto}, 
  title={3D Tracking of a River Plume Front with an AUV}, 
  year={2021},
  volume={},
  number={},
  pages={1-9},
  doi={10.23919/OCEANS44145.2021.9705995}}

@article{sousa2018integrated,
  title={Integrated high-resolution numerical model for the NW Iberian Peninsula coast and main estuarine systems},
  author={Sousa, Magda C and Ribeiro, Am{\'e}rico S and Des, Marisela and Mendes, Renato and Alvarez, Ines and Gomez-Gesteira, Moncho and Dias, Jo{\~a}o M},
  journal={Journal of Coastal Research},
  number={85 (10085)},
  pages={66--70},
  year={2018},
  publisher={Allen Press}
}

@article{mendes2014observation,
  title={Observation of a turbid plume using MODIS imagery: The case of Douro estuary (Portugal)},
  author={Mendes, R and Vaz, N and Fern{\'a}ndez-N{\'o}voa, D and Da Silva, JCB and Decastro, M and G{\'o}mez-Gesteira, M and Dias, JM},
  journal={Remote sensing of environment},
  volume={154},
  pages={127--138},
  year={2014},
  publisher={Elsevier}
}

@inproceedings{tracking_plume,
  title={Multiple Autonomous Vehicles Applied to Plume Detection and Tracking},
  author={Pinto, Jos{\'e} and Mendes, Renato and da Silva, Jos{\'e} CB and Dias, Joao M and de Sousa, Joao Borges},
  booktitle={2018 OCEANS-MTS/IEEE Kobe Techno-Oceans (OTO)},
  doi = {10.1109/OCEANSKOBE.2018.8558802},
  pages={1--6},
  year={2018},
  organization={IEEE}
}

@article{nilsen_pc-2_2021,
  title={PC-2 Winter Process Cruise (WPC): Cruise Report},
  author={Nilsen, Frank and Fer, Ilker and Baumann, Till Martin and Breivik, {\O}yvind and Czyz, Cezlav and Frank, Lukas and Kalhagen, Kjersti and Koenig, Zo{\'e} and Kol{\aa}s, Eivind H and Kral, Stephan T and others},
  journal={The Nansen Legacy Report Series},
  number={26},
  volume={1}, 
  year={2021}
}


@misc{osi_saf_global_2017,
	title = {Global {Sea} {Ice} {Concentration} ({netCDF}) - {DMSP}},
	publisher = {EUMETSAT SAF on Ocean and Sea Ice},
	urldate = {2021-07-01},
	author = {{OSI SAF}},
	year = {2017},
	doi = {10.15770/EUM_SAF_OSI_NRT_2004},
}

@article{jakobsson_international_2020,
	title = {The {International} {Bathymetric} {Chart} of the {Arctic} {Ocean} {Version} 4.0},
	volume = {7},
	url = {https://www.nature.com/articles/s41597-020-0520-9},
	doi = {10.1038/s41597-020-0520-9},
	number = {1},
	journal = {Scientific Data},
	author = {Jakobsson, Martin and Mayer, Larry A. and Bringensparr, Caroline and Castro, Carlos F. and Mohammad, Rezwan and Johnson, Paul and Ketter, Tomer and Accettella, Daniela and Amblas, David and An, Lu and Arndt, Jan Erik and Canals, Miquel and Casamor, José Luis and Chauché, Nolwenn and Coakley, Bernard and Danielson, Seth and Demarte, Maurizio and Dickson, Mary-Lynn and Dorschel, Boris and Dowdeswell, Julian A. and Dreutter, Simon and Fremand, Alice C. and Gallant, Dana and Hall, John K. and Hehemann, Laura and Hodnesdal, Hanne and Hong, Jongkuk and Ivaldi, Roberta and Kane, Emily and Klaucke, Ingo and Krawczyk, Diana W. and Kristoffersen, Yngve and Kuipers, Boele R. and Millan, Romain and Masetti, Giuseppe and Morlighem, Mathieu and Noormets, Riko and Prescott, Megan M. and Rebesco, Michele and Rignot, Eric and Semiletov, Igor and Tate, Alex J. and Travaglini, Paola and Velicogna, Isabella and Weatherall, Pauline and Weinrebe, Wilhelm and Willis, Joshua K. and Wood, Michael and Zarayskaya, Yulia and Zhang, Tao and Zimmermann, Mark and Zinglersen, Karl B.},
	month = jul,
	year = {2020},
	keywords = {Geomorphology, Geophysics, Ocean sciences},
	pages = {176},
	file = {Full Text PDF:C\:\\Users\\Kolås\\Zotero\\storage\\NIAFH4HX\\Jakobsson et al. - 2020 - The International Bathymetric Chart of the Arctic .pdf:application/pdf;Snapshot:C\:\\Users\\Kolås\\Zotero\\storage\\ZKYAJIVN\\s41597-020-0520-9.html:text/html},
}

@article{kolas_technical_2021,
	title = {Technical note: {Turbulence} measurements from a {Light} {Autonomous} {Underwater} {Vehicle}},
	volume = {2021},
	url = {https://os.copernicus.org/preprints/os-2021-107/},
	doi = {10.5194/os-2021-107},
	journal = {Ocean Science Discussions},
	author = {Kolås, E. H. and Mo-Bjørkelund, T. and Fer, I.},
	year = {2021},
	pages = {1--16},
}

@article{parsons_barents_1996,
	title = {The {Barents} {Sea} {Polar} {Front} in summer},
	volume = {101},
	doi = {10.1029/96JC00119},
	language = {en},
	number = {C6},
	urldate = {2020-02-24},
	journal = {Journal of Geophysical Research: Oceans},
	author = {Parsons, A. Rost and Bourke, Robert H. and Muench, Robin D. and Chiu, Ching-Sang and Lynch, James F. and Miller, James H. and Plueddemann, Albert J. and Pawlowicz, Richard},
	month = jun,
	year = {1996},
	pages = {14201--14221},
}

@article{gawarkiewicz_topographic_1995,
	title = {Topographic control of thermohaline frontal structure in the {Barents} {Sea} {Polar} {Front} on the south flank of {Spitsbergen} {Bank}},
	volume = {100},
	doi = {10.1029/94JC02427},
	language = {en},
	number = {C3},
	urldate = {2020-02-24},
	journal = {Journal of Geophysical Research},
	author = {Gawarkiewicz, Glen and Plueddemann, Albert J.},
	year = {1995},
	pages = {4509},
}

@article{oziel_barents_2016,
	title = {The {Barents} {Sea} frontal zones and water masses variability (1980–2011)},
	volume = {12},
	issn = {1812-0792},
	doi = {10.5194/os-12-169-2016},
	language = {en},
	number = {1},
	urldate = {2020-02-24},
	journal = {Ocean Science},
	author = {Oziel, L. and Sirven, J. and Gascard, J.-C.},
	month = jan,
	year = {2016},
	pages = {169--184},
}

@conference{binh,
    author = "Nan Binh, and Caleb McCue, and Kevin O'Brien",
    title = "Example conference paper reference",
    booktitle = "Proceedings of National Reference Example Convention",
    address = "Pittsburgh, PA",
    year = 1998
}

@article{baldwin,
    author = "Charles Baldwin, and Caleb Bevan, and Aaron Beshalske",
    title = "Example of journal article reference",
    year = 2000,
    journal = "Journal of Reference Examples",
    volume = 141,
    pages = "171--177"
    }

@book{baxter,
    title = "Example references of books with one author",
    author = "Claire Baxter",
    publisher = "New York: Random House",
    year = 1997
    }

@book{stock,
    editor = "Greg Stock, and James Campbell",
    title = "Example references of books with editors",
    publisher = "Philadelphia: Curd and Cover",
    year = 2000
}

@book{apa,
    key = "APA Online Guide",
    year = 2006,
    note = "Retrieved January 12, 2006, from http://www.apastyle.org/"
    }

@misc{wisconsin,
    key = "University of Wisconsin-Madison's APA Guide",
    year = 2004,
    note = "Retrieved January 12, 2006, from http://www.wisc.edu/writest/Handbook/DocAPA.html"
}




@article{onarheim2018seasonal,
  title={Seasonal and regional manifestation of Arctic sea ice loss},
  author={Onarheim, Ingrid H and Eldevik, Tor and Smedsrud, Lars H and Stroeve, Julienne C},
  journal={Journal of Climate},
  number={2018},
  year={2018}
}

@article{forland2011temperature,
  title={Temperature and precipitation development at Svalbard 1900--2100},
  author={F{\o}rland, Eirik J and Benestad, Rasmus and Hanssen-Bauer, Inger and Haugen, Jan Erik and Skaugen, Torill Engen},
  journal={Advances in Meteorology},
  volume={2011},
  year={2011},
  publisher={Hindawi}
}
@misc{NansenLegacy,
  title = {{Nansen Legacy} Research Description},
  howpublished = {\url{https://arvenetternansen.com/?page_id=1164}},
  note = {Accessed: 2018-10-04}
}

@misc{NansenLegacy2,
  title = {{Nansen Legacy} About},
  howpublished = {\url{https://arvenetternansen.com/?page_id=568}},
  note = {Accessed: 2018-10-05}
}

@report{NansenLegacyPlan,
    author = {Reigstad, M. and Eldevik, T. and Gerland S.(Eds)},
    title = {The Nansen Legacy. Scientific exploration and sustainable management beyond the ice edge. Overall project plan},
    year = {2017}
}
@conference{mcgann2007t,
  title={T-rex: A model-based architecture for auv control},
  author={McGann, Conor and Py, Frederic and Rajan, Kanna and Thomas, Hans and Henthorn, Richard and McEwen, Rob},
  booktitle={3rd Workshop on Planning and Plan Execution for Real-World Systems},
  volume={2007},
  year={2007}
}

@article{petillo2016autonomous,
  title={Autonomous and adaptive underwater plume detection and tracking with AUVs: Concepts, methods, and available technology},
  author={Petillo, Stephanie M and Schmidt, Henrik},
  year={2016},
  publisher={Elsevier BV}
}

@article{bayat2017environmental,
  title={Environmental monitoring using autonomous vehicles: a survey of recent searching techniques},
  author={Bayat, Behzad and Crasta, Naveena and Crespi, Alessandro and Pascoal, Ant{\'o}nio M and Ijspeert, Auke},
  journal={Current opinion in biotechnology},
  volume={45},
  pages={76--84},
  year={2017},
  publisher={Elsevier}
}

@article{fossum2019toward,
  title={Toward adaptive robotic sampling of phytoplankton in the coastal ocean},
  author={Fossum, Trygve O and Fragoso, Glaucia M and Davies, Emlyn J and Ullgren, Jenny E and Mendes, Renato and Johnsen, Geir and Ellingsen, Ingrid and Eidsvik, Jo and Ludvigsen, Martin and Rajan, Kanna},
  journal={Science Robotics},
  volume={4},
  number={27},
  year={2019},
  publisher={Science Robotics}
}

@article{fossum2018information,
  title={Information-driven robotic sampling in the coastal ocean},
  author={Fossum, Trygve Olav and Eidsvik, Jo and Ellingsen, Ingrid and Alver, Morten Omholt and Fragoso, Glaucia Moreira and Johnsen, Geir and Mendes, Renato and Ludvigsen, Martin and Rajan, Kanna},
  journal={Journal of Field Robotics},
  volume={35},
  number={7},
  pages={1101--1121},
  year={2018},
  publisher={Wiley Online Library}
}

@article{fiorelli2006multi,
  title={Multi-AUV control and adaptive sampling in Monterey Bay},
  author={Fiorelli, Edward and Leonard, Naomi Ehrich and Bhatta, Pradeep and Paley, Derek A and Bachmayer, Ralf and Fratantoni, David M},
  journal={IEEE journal of oceanic engineering},
  volume={31},
  number={4},
  pages={935--948},
  year={2006},
  publisher={IEEE}
}


@article{sousa2012lauv,
  title={LAUV: The man-portable autonomous underwater vehicle},
  author={Sousa, Alexandre and Madureira, Luis and Coelho, Jorge and Pinto, Jos{\'e} and Pereira, Jo{\~a}o and Sousa, Jo{\~a}o Borges and Dias, Paulo},
  journal={IFAC Proceedings Volumes},
  volume={45},
  number={5},
  pages={268--274},
  year={2012},
  publisher={Elsevier}
}
@article{ahlberg1967theory,
  title={The theory of splines and their applications},
  author={Ahlberg, J Harold and Nilson, Edwin Norman and Walsh, Joseph Leonard},
  journal={Mathematics in Science and Engineering, New York: Academic Press, 1967},
  year={1967}
}
@techreport{hagberg2008exploring,
  title={Exploring network structure, dynamics, and function using NetworkX},
  author={Hagberg, Aric and Swart, Pieter and S Chult, Daniel},
  year={2008},
  institution={Los Alamos National Lab.(LANL), Los Alamos, NM (United States)}
}
@phdthesis{fossum2019adaptive,
  title={Adaptive Sampling for Marine Robotics},
  author={Fossum, Trygve OIav},
  year={2019},
  school={Norwegian University of Science and Technology}
}
@article{ord1995local,
  title={Local spatial autocorrelation statistics: distributional issues and an application},
  author={Ord, J Keith and Getis, Arthur},
  journal={Geographical analysis},
  volume={27},
  number={4},
  pages={286--306},
  year={1995},
  publisher={Wiley Online Library}
}
@book{stewart2008introduction,
  title={Introduction to physical oceanography},
  author={Stewart, Robert Henry},
  year={2008},
  publisher={Texas A \& M University College Station}
}
@book{cormen2009introduction,
  title={Introduction to algorithms},
  author={Cormen, Thomas H and Leiserson, Charles E and Rivest, Ronald L and Stein, Clifford},
  year={2009},
  publisher={MIT press}
}
@phdthesis{kemna2018multi,
  title={Multi-robot strategies for adaptive sampling with autonomous underwater vehicles},
  author={Kemna, Stephanie},
  year={2018},
  school={thesis, University of Southern California}
}

@conference{rasmussen2003gaussian,
  title={Gaussian processes in machine learning},
  author={Rasmussen, Carl Edward},
  booktitle={Summer School on Machine Learning},
  pages={63--71},
  year={2003},
  organization={Springer}
}

@article{zhang2012autonomous,
  title={Autonomous detection and sampling of water types and fronts in a coastal upwelling system by an autonomous underwater vehicle},
  author={Zhang, Yanwu and Ryan, John P and Bellingham, James G and Harvey, Julio BJ and McEwen, Robert S},
  journal={Limnology and Oceanography: Methods},
  volume={10},
  number={11},
  pages={934--951},
  year={2012},
  publisher={Wiley Online Library}
}
@conference{zhang2013two,
  title={Two-dimensional mapping and tracking of a coastal upwelling front by an autonomous underwater vehicle},
  author={Zhang, Yanwu and Bellingham, James G and Ryan, John P and Kieft, Brian and Stanway, Michael J},
  booktitle={2013 OCEANS-San Diego},
  pages={1--4},
  year={2013},
  organization={IEEE}
}
@conference{pinto2018multiple,
  title={Multiple Autonomous Vehicles Applied to Plume Detection and Tracking},
  author={Pinto, Jos{\'e} and Mendes, Renato and da Silva, Jos{\'e} CB and Dias, Joao M and de Sousa, Joao Borges},
  booktitle={2018 OCEANS-MTS/IEEE Kobe Techno-Oceans (OTO)},
  pages={1--6},
  year={2018},
  organization={IEEE}
}

@article{zhang2019autonomous,
  title={Autonomous tracking and sampling of the deep chlorophyll maximum layer in an open-ocean eddy by a long-range autonomous underwater vehicle},
  author={Zhang, Yanwu and Kieft, Brian and Hobson, Brett W and Ryan, John P and Barone, Benedetto and Preston, Christina M and Roman, Brent and Raanan, Ben-Yair and Marin III, Roman and O’Reilly, Thomas C and others},
  journal={IEEE Journal of Oceanic Engineering},
  year={2019},
  publisher={IEEE}
}


@conference{quigley2009ros,
  title={ROS: an open-source Robot Operating System},
  author={Quigley, Morgan and Conley, Ken and Gerkey, Brian and Faust, Josh and Foote, Tully and Leibs, Jeremy and Wheeler, Rob and Ng, Andrew Y},
  booktitle={ICRA workshop on open source software},
  pages={5},
  year={2009},
  organization={Kobe, Japan}
}

@conference{pinto2013lsts,
  title={The LSTS toolchain for networked vehicle systems},
  author={Pinto, Jos{\'e} and Dias, Paulo S and Martins, Ricardo and Fortuna, Joao and Marques, Eduardo and Sousa, Joao},
  booktitle={2013 MTS/IEEE OCEANS-Bergen},
  pages={1--9},
  year={2013},
  organization={IEEE}
}

@INPROCEEDINGS{mrGlider1,
  author={Wolk, F. and Lueck, R. G. and St. Laurent, L.},
  booktitle={OCEANS 2009}, 
  title={Turbulence measurements from a glider},
  year={2009},
  volume={},
  number={},
  pages={1-6},
  doi={10.23919/OCEANS.2009.5422413}}

@article{fer2014microstructure,
  title={Microstructure measurements from an underwater glider in the turbulent Faroe Bank Channel overflow},
  author={Fer, Ilker and Peterson, Algot K and Ullgren, Jenny E},
  journal={Journal of Atmospheric and Oceanic Technology},
  volume={31},
  number={5},
  pages={1128--1150},
  year={2014}
}

@article{goodman2006measuring,
  title={On measuring the terms of the turbulent kinetic energy budget from an AUV},
  author={Goodman, Louis and Levine, Edward R and Lueck, Rolf G},
  journal={Journal of Atmospheric and Oceanic Technology},
  volume={23},
  number={7},
  pages={977--990},
  year={2006}
}

@article{garabato2019rapid,
  title={Rapid mixing and exchange of deep-ocean waters in an abyssal boundary current},
  author={Garabato, Alberto C Naveira and Frajka-Williams, Eleanor E and Spingys, Carl P and Legg, Sonya and Polzin, Kurt L and Forryan, Alexander and Abrahamsen, E Povl and Buckingham, Christian E and Griffies, Stephen M and McPhail, Stephen D and others},
  journal={Proceedings of the National Academy of Sciences},
  volume={116},
  number={27},
  pages={13233--13238},
  year={2019},
  publisher={National Acad Sciences}
}

@article{spingys2021mixing,
  title={Mixing and transformation in a deep western boundary current: A case study},
  author={Spingys, Carl P and Naveira Garabato, Alberto C and Legg, Sonya and Polzin, Kurt L and Abrahamsen, E Povl and Buckingham, Christian E and Forryan, Alexander and Frajka-Williams, Eleanor E},
  journal={Journal of Physical Oceanography},
  volume={51},
  number={4},
  pages={1205--1222},
  year={2021}
}


@article{fossum2021adaptive,
  title={Adaptive Sampling of Surface Fronts in the Arctic Using an Autonomous Underwater Vehicle},
  author={Fossum, Trygve Olav and Norgren, Petter and Fer, Ilker and Nilsen, Frank and Koenig, Zoe Charlotte and Ludvigsen, Martin},
  journal={IEEE Journal of Oceanic Engineering},
  year={2021},
  publisher={IEEE}
}

@article{zhang2016autonomous,
  title={Autonomous four-dimensional mapping and tracking of a coastal upwelling front by an autonomous underwater vehicle},
  author={Zhang, Yanwu and Bellingham, James G and Ryan, John P and Kieft, Brian and Stanway, M Jordan},
  journal={Journal of Field Robotics},
  volume={33},
  number={1},
  pages={67--81},
  year={2016},
  publisher={Wiley Online Library}
}
@article{belkin2009fronts,
  title={Fronts in large marine ecosystems},
  author={Belkin, Igor M and Cornillon, Peter C and Sherman, Kenneth},
  journal={Progress in Oceanography},
  volume={81},
  number={1-4},
  pages={223--236},
  year={2009},
  publisher={Elsevier}
}
@article{d2011enhanced,
  title={Enhanced turbulence and energy dissipation at ocean fronts},
  author={D’asaro, Eric and Lee, Craig and Rainville, Luc and Harcourt, Ramsey and Thomas, Leif},
  journal={science},
  volume={332},
  number={6027},
  pages={318--322},
  year={2011},
  publisher={American Association for the Advancement of Science}
}


@article{fisher2018turbulent,
  title={Turbulent Mixing in a Far-Field Plume During the Transition to Upwelling Conditions: Microstructure Observations From an AUV},
  author={Fisher, Alexander W and Nidzieko, Nicholas J and Scully, Malcolm E and Chant, Robert J and Hunter, Elias J and Mazzini, Piero LF},
  journal={Geophysical Research Letters},
  volume={45},
  number={18},
  pages={9765--9773},
  year={2018},
  publisher={Wiley Online Library}
}
@article{goodman2009turbulence,
  title={Turbulence observations in the northern bight of Monterey Bay from a small AUV},
  author={Goodman, Louis and Wang, Zhankun},
  journal={Journal of Marine Systems},
  volume={77},
  number={4},
  pages={441--458},
  year={2009},
  publisher={Elsevier}
}

@article{merckelbach2019dynamic,
  title={A dynamic flight model for Slocum gliders and implications for turbulence microstructure measurements},
  author={Merckelbach, Lucas and Berger, Anja and Krahmann, Gerd and Dengler, Marcus and Carpenter, Jeffrey R},
  journal={Journal of Atmospheric and Oceanic Technology},
  volume={36},
  number={2},
  pages={281--296},
  year={2019},
  publisher={American Meteorological Society}
}
@inproceedings{wolk2009turbulence,
  title={Turbulence measurements from a glider},
  author={Wolk, F and Lueck, RG and Laurent, L St},
  booktitle={OCEANS 2009},
  pages={1--6},
  year={2009},
  organization={IEEE}
}
@article{fossum2021learning,
  title={Learning excursion sets of vector-valued Gaussian random fields for autonomous ocean sampling},
  author={Fossum, Trygve Olav and Travelletti, C{\'e}dric and Eidsvik, Jo and Ginsbourger, David and Rajan, Kanna},
  journal={The Annals of Applied Statistics},
  volume={15},
  number={2},
  pages={597--618},
  year={2021},
  publisher={Institute of Mathematical Statistics}
}
@article{stankiewicz2021adaptive,
  title={Adaptive sampling with an autonomous underwater vehicle in static marine environments},
  author={Stankiewicz, Paul and Tan, Yew T and Kobilarov, Marin},
  journal={Journal of Field Robotics},
  volume={38},
  number={4},
  pages={572--597},
  year={2021},
  publisher={Wiley Online Library}
}

@article{brooks1986robust,
  title={A robust layered control system for a mobile robot},
  author={Brooks, Rodney},
  journal={IEEE journal on robotics and automation},
  volume={2},
  number={1},
  pages={14--23},
  year={1986},
  publisher={IEEE}
}
@book{eidsvik2015value,
  title={Value of information in the earth sciences: Integrating spatial modeling and decision analysis},
  author={Eidsvik, Jo and Mukerji, Tapan and Bhattacharjya, Debarun},
  year={2015},
  publisher={Cambridge University Press}
}
@inproceedings{mo2020hexagonal,
  title={Hexagonal Grid Graph as a Basis for Adaptive Sampling of Ocean Gradients using AUVs},
  author={Mo-Bj{\o}rkelund, Tore and Fossum, Trygve O and Norgren, Petter and Ludvigsen, Martin},
  booktitle={Global Oceans 2020: Singapore--US Gulf Coast},
  pages={1--5},
  year={2020},
  organization={IEEE}
}

@article{nilsen2021pc,
  title={PC-2 Winter Process Cruise (WPC): Cruise Report},
  author={Nilsen, Frank and Fer, Ilker and Baumann, Till Martin and Breivik, {\O}yvind and Czyz, Cezlav and Frank, Lukas and Kalhagen, Kjersti and Koenig, Zo{\'e} and Kol{\aa}s, Eivind H and Kral, Stephan T and others},
  journal={The Nansen Legacy Report Series},
  number={26},
  year={2021}
}
@book{seto2012marine,
  title={Marine robot autonomy},
  author={Seto, Mae L},
  year={2012},
  publisher={Springer Science \& Business Media}
}
@inproceedings{nonaka2016tropical,
  title={Tropical and Extratropical Air-Sea Interactions and Their Teleconnections II Posters},
  author={Nonaka, Masami and Schneider, Niklas and Minobe, Shoshiro and Behera, Swadhin K},
  booktitle={2016 AGU Fall Meeting},
  year={2016},
  organization={AGU}
}
@article{loeng1991features,
  title={Features of the physical oceanographic conditions of the Barents Sea},
  author={Loeng, Harald},
  journal={Polar research},
  volume={10},
  number={1},
  pages={5--18},
  year={1991},
  publisher={Taylor \& Francis}
}

@article{zhang2011peak,
  title={A peak-capture algorithm used on an autonomous underwater vehicle in the 2010 Gulf of Mexico oil spill response scientific survey},
  author={Zhang, Yanwu and McEwen, Robert S and Ryan, John P and Bellingham, James G and Thomas, Hans and Thompson, Charles H and Rienecker, Erich},
  journal={Journal of Field Robotics},
  volume={28},
  number={4},
  pages={484--496},
  year={2011},
  publisher={Wiley Online Library}
}

@article{berget2018adaptive,
  title={Adaptive sampling of ocean processes using an AUV with a Gaussian proxy model},
  author={Berget, Gunhild Elisabeth and Fossum, Trygve Olav and Johansen, Tor Arne and Eidsvik, Jo and Rajan, Kanna},
  journal={IFAC-PapersOnLine},
  volume={51},
  number={29},
  pages={238--243},
  year={2018},
  publisher={Elsevier}
}
@article{maraldi2013nemo,
  title={NEMO on the shelf: assessment of the Iberia--Biscay--Ireland configuration},
  author={Maraldi, Claire and Chanut, J and Levier, Bruno and Ayoub, Nadia and De Mey, Pierre and Reffray, G and Lyard, Florent and Cailleau, Sylvain and Dr{\'e}villon, Marie and Fanjul, EA and others},
  journal={Ocean Science},
  volume={9},
  number={4},
  pages={745--771},
  year={2013},
  publisher={Copernicus GmbH}
}

@article{frolov2014can,
  title={Can we do better than the grid survey: Optimal synoptic surveys in presence of variable uncertainty and decorrelation scales},
  author={Frolov, Sergey and Garau, Bartolame and Bellingham, James},
  journal={Journal of Geophysical Research: Oceans},
  volume={119},
  number={8},
  pages={5071--5090},
  year={2014},
  publisher={Wiley Online Library}
}

@article{hwang2019auv,
  title={AUV adaptive sampling methods: A review},
  author={Hwang, Jimin and Bose, Neil and Fan, Shuangshuang},
  journal={Applied Sciences},
  volume={9},
  number={15},
  pages={3145},
  year={2019},
  publisher={MDPI}
}

 @article{fragoso2022contrasting,
  title={Contrasting phytoplankton-zooplankton distributions observed through autonomous platforms, in-situ optical sensors and discrete sampling},
  author={Fragoso, Glaucia M and Davies, Emlyn J and Fossum, Trygve O and Ullgren, Jenny E and Majaneva, Sanna and Aberle, Nicole and Ludvigsen, Martin and Johnsen, Geir},
  journal={Plos one},
  volume={17},
  number={9},
  pages={e0273874},
  year={2022},
  publisher={Public Library of Science San Francisco, CA USA}
}

@article{falkowski1994role,
  title={The role of phytoplankton photosynthesis in global biogeochemical cycles},
  author={Falkowski, Paul G},
  journal={Photosynthesis research},
  volume={39},
  number={3},
  pages={235--258},
  year={1994},
  publisher={Springer}
}

@inproceedings{bhatta2005coordination,
  title={Coordination of an underwater glider fleet for adaptive ocean sampling},
  author={Bhatta, Pradeep and Fiorelli, Edward and Lekien, Francois and Leonard, Naomi Ehrich and Paley, Derek and Zhang, Fumin and Bachmayer, Ralf and Davis, Russ E and Fratantoni, David M and Sepulchre, Rodolphe},
  booktitle={Proc. International Workshop on Underwater Robotics, Int. Advanced Robotics Programmed (IARP), Genoa, Italy},
  year={2005},
  organization={Citeseer}
}



@book{cressie2015statistics,
  title={Statistics for spatio-temporal data},
  author={Cressie, Noel and Wikle, Christopher K},
  year={2015},
  publisher={John Wiley \& Sons}
}

@article{low2009multi,
  title={Multi-robot adaptive exploration and mapping for environmental sensing applications},
  author={Low, Kian Hsiang and Dolan, JM and Schneider, J and Elfes, A},
  journal={PhD thesis, CMU},
  year={2009},
  publisher={Citeseer}
}

@article{davies2017use,
  title={The use of wide-band transmittance imaging to size and classify suspended particulate matter in seawater},
  author={Davies, Emlyn John and Brandvik, Per Johan and Leirvik, Frode and Nepstad, Raymond},
  journal={Marine pollution bulletin},
  volume={115},
  number={1-2},
  pages={105--114},
  year={2017},
  publisher={Elsevier}
}

@article{leonard2007collective,
  title={Collective motion, sensor networks, and ocean sampling},
  author={Leonard, Naomi Ehrich and Paley, Derek A and Lekien, Francois and Sepulchre, Rodolphe and Fratantoni, David M and Davis, Russ E},
  journal={Proceedings of the IEEE},
  volume={95},
  number={1},
  pages={48--74},
  year={2007},
  publisher={IEEE}
}

@inproceedings{kemna2016adaptive,
  title={Adaptive informative sampling with autonomous underwater vehicles: Acoustic versus surface communications},
  author={Kemna, Stephanie and Caron, David A and Sukhatme, Gaurav S},
  booktitle={OCEANS 2016 MTS/IEEE Monterey},
  pages={1--8},
  year={2016},
  organization={IEEE}
}
@article{pratt1999operational,
  title={An operational and performance overview of the IRIDIUM low earth orbit satellite system},
  author={Pratt, Stephen R and Raines, Richard A and Fossa, Carl E and Temple, Michael A},
  journal={IEEE Communications Surveys},
  volume={2},
  number={2},
  pages={2--10},
  year={1999},
  publisher={IEEE}
}
@inproceedings{maine1995overview,
  title={Overview of IRIDIUM satellite network},
  author={Maine, Kris and Devieux, Carrie and Swan, Pete},
  booktitle={Proceedings of WESCON'95},
  pages={483},
  year={1995},
  organization={IEEE}
}

@article{renaud2011benthic,
  title={Benthic food-web structure of an Arctic fjord (Kongsfjorden, Svalbard)},
  author={Renaud, Paul E and Tessmann, Michael and Evenset, Anita and Christensen, Guttorm N},
  journal={Marine Biology Research},
  volume={7},
  number={1},
  pages={13--26},
  year={2011},
  publisher={Taylor \& Francis}
}
@article{muller2001non,
  title={Non-photochemical quenching. A response to excess light energy},
  author={Muller, Patricia and Li, Xiao-Ping and Niyogi, Krishna K},
  journal={Plant physiology},
  volume={125},
  number={4},
  pages={1558--1566},
  year={2001},
  publisher={American Society of Plant Biologists}
}
@misc{niskin1970,
 author = {Niskin, Shale J},
 number = {US3489012A},
 url = {https://patents.google.com/patent/US3489012?oq=niskin+bottle},
 year = {Jan. 13, 1970}
}

@article{mcquatters2011there,
  title={Is there a decline in marine phytoplankton?},
  author={McQuatters-Gollop, Abigail and Reid, Philip C and Edwards, Martin and Burkill, Peter H and Castellani, Claudia and Batten, Sonia and Gieskes, Winfried and Beare, Doug and Bidigare, Robert R and Head, Erica and others},
  journal={Nature},
  volume={472},
  number={7342},
  pages={E6--E7},
  year={2011},
  publisher={Nature Publishing Group}
}
@article{burthe2016early,
  title={Do early warning indicators consistently predict nonlinear change in long-term ecological data?},
  author={Burthe, Sarah J and Henrys, Peter A and Mackay, Eleanor B and Spears, Bryan M and Campbell, Ronald and Carvalho, Laurence and Dudley, Bernard and Gunn, Iain DM and Johns, David G and Maberly, Stephen C and others},
  journal={Journal of Applied Ecology},
  volume={53},
  number={3},
  pages={666--676},
  year={2016},
  publisher={Wiley Online Library}
}
@article{grunbaum2012logic,
  title={The logic of ecological patchiness},
  author={Gr{\"u}nbaum, Daniel},
  journal={Interface Focus},
  volume={2},
  number={2},
  pages={150--155},
  year={2012},
  publisher={The Royal Society}
}
@article{van2016plankton,
  title={Plankton patchiness investigated using simultaneous nitrate and chlorophyll observations},
  author={Van Gennip, Simon and Martin, Adrian P and Srokosz, Meric A and Allen, John T and Pidcock, Rosalind and Painter, Stuart C and Stinchcombe, Mark C},
  journal={Journal of Geophysical Research: Oceans},
  volume={121},
  number={6},
  pages={4149--4156},
  year={2016},
  publisher={Wiley Online Library}
}
@article{wassmann2005contribution,
  title={The contribution of single and colonial cells of Phaeocystis pouchetii to spring and summer blooms in the north-eastern North Atlantic},
  author={Wassmann, Paul and Ratkova, Tatjana and Reigstad, Marit},
  journal={Harmful algae},
  volume={4},
  number={5},
  pages={823--840},
  year={2005},
  publisher={Elsevier}
}
@article{holm1978chlorophyll,
  title={Chlorophyll a determination: improvements in methodology},
  author={Holm-Hansen, Osmund and Riemann, Bo},
  journal={Oikos},
  pages={438--447},
  year={1978},
  publisher={JSTOR}
}
@book{falkowski2013aquatic,
  title={Aquatic photosynthesis},
  author={Falkowski, Paul G and Raven, John A},
  year={2013},
  publisher={Princeton University Press}
}
@book{sakshaug2009ecosystem,
  title={Ecosystem Barents Sea},
  author={Sakshaug, Egil and Johnsen, Geir Helge and Kovacs, Kit M},
  year={2009},
  publisher={Tapir Academic Press}
}
@article{johnsen2018advective,
  title={The advective origin of an under-ice spring bloom in the Arctic Ocean using multiple observational platforms},
  author={Johnsen, Geir and Norli, Marit and Moline, Mark and Robbins, Ian and von Quillfeldt, Cecilie and S{\o}rensen, Kai and Cottier, Finlo and Berge, J{\o}rgen},
  journal={Polar biology},
  volume={41},
  number={6},
  pages={1197--1216},
  year={2018},
  publisher={Springer}
}
@article{johnsen2011vivo,
  title={In vivo bio-optical properties of phytoplankton pigments},
  author={Johnsen, G and Bricaud, A and Nelson, N and Pr{\'e}zelin, BB and Bidigare, RR},
  journal={Phytoplankton pigments: Characterization, chemotaxonomy and applications in oceanography},
  pages={497--537},
  year={2011},
  publisher={Cambridge University}
}
@misc{fitter,
  author = {Cokelaer, Thomas},
  title={Python FITTER package},
  url={https://fitter.readthedocs.io/en/latest/index.html},
  urldate = {2022-11-08}, 
  publisher={Thomas Cokelaer},
  year = {2022}
} 

@article{burr1942cumulative,
  title={Cumulative frequency functions},
  author={Burr, Irving W},
  journal={The Annals of mathematical statistics},
  volume={13},
  number={2},
  pages={215--232},
  year={1942},
  publisher={JSTOR}
}

@article{stoica2004model,
  title={Model-order selection: a review of information criterion rules},
  author={Stoica, Petre and Selen, Yngve},
  journal={IEEE Signal Processing Magazine},
  volume={21},
  number={4},
  pages={36--47},
  year={2004},
  publisher={IEEE}
}
@misc{malicke2021mmaelicke,
  title={mmaelicke/scikit-gstat: A scipy flavoured geostatistical variogram analysis toolbox},
  author={M{\"a}licke, Mirko and M{\"o}ller, Egil and Schneider, Helge David and M{\"u}ller, Sebastian},
  year={2021},
  publisher={DOI},
  doi = {http://doi.org/10.5281/zenodo.4835779}
}
@article{matta2011can,
  title={Can one take the logarithm or the sine of a dimensioned quantity or a unit? Dimensional analysis involving transcendental functions},
  author={Matta, Cherif F and Massa, Lou and Gubskaya, Anna V and Knoll, Eva},
  journal={Journal of Chemical Education},
  volume={88},
  number={1},
  pages={67--70},
  year={2011},
  publisher={ACS Publications}
}
